@book{BOOK:1, 
	author={John Doe},
	title={The Book without Title},
	publisher={Dummy Publisher},
	year={2100},
}

@article{ARTICLE:1, 
	author={John Doe and Wallace Gromit},
	title={Title},
	journal={Journal},
	year={2019},
}

@inproceedings{CONF:1,
	author = {John Doe, Arthur Smith and Wallace Gromit},
	title = {Title},
	booktitle = {Proc~.of the XXth Inter. Conf. on Machine learning (ICML)},
	year = {2019},
	pages = {AAA--BBB}
}


